@misc{Istag2003,
  author = {Information Society Technologies Advisory Group ISTAG},
  title = {Ambient intelligence: from vision to reality},
  publisher = {European Commission Luxemburg},
  year = 2003,
  url = {ftp://ftp.cordis.europa.eu/pub/ist/docs/istag-ist2003_consolidated_report.pdf},
  urldate = {2022-05-25},
}
@article{Sukreep2020,
  doi = {10.18494/sam.2020.2386},
  url = {https://doi.org/10.18494/sam.2020.2386},
  year = {2020},
  month = feb,
  publisher = {{MYU} K.K.},
  volume = {32},
  number = {2},
  pages = {455},
  author = {Sittichai Sukreep and Chakarida Nukoolkit and Pornchai Mongkolnam},
  title = {Indoor Position Detection Using Smartwatch and Beacons},
  journal = {Sensors and Materials}
}
@article{Atzori2010,
  doi = {10.1016/j.comnet.2010.05.010},
  url = {https://doi.org/10.1016/j.comnet.2010.05.010},
  year = {2010},
  month = oct,
  publisher = {Elsevier {BV}},
  volume = {54},
  number = {15},
  pages = {2787--2805},
  author = {Luigi Atzori and Antonio Iera and Giacomo Morabito},
  title = {The Internet of Things: A survey},
  journal = {Computer Networks}
}
@article{ElAzab2021,
  doi = {10.1093/ce/zkab010},
  url = {https://doi.org/10.1093/ce/zkab010},
  year = {2021},
  month = jun,
  publisher = {Oxford University Press ({OUP})},
  volume = {5},
  number = {2},
  pages = {302--315},
  author = {Rasha El-Azab},
  title = {Smart homes: potentials and challenges},
  journal = {Clean Energy}
}
@article{Solano2017,
  doi = {10.1016/j.future.2016.10.029},
  url = {https://doi.org/10.1016/j.future.2016.10.029},
  year = {2017},
  month = nov,
  publisher = {Elsevier {BV}},
  volume = {76},
  pages = {215--220},
  author = {A. Solano and N. Duro and R. Dormido and P. Gonz{\'{a}}lez},
  title = {Smart vending machines in the era of internet of things},
  journal = {Future Generation Computer Systems}
}
@article{Alam2021,
  doi = {10.52549/.v9i3.3133},
  url = {https://doi.org/10.52549/.v9i3.3133},
  year = {2021},
  month = aug,
  publisher = {{IAES} Indonesia Section},
  volume = {9},
  number = {3},
  author = {Wahidul Alam and Dhiman Sarma and Rana Joyti Chakma and Mohammad Jahangir Alam and Sohrab Hossain},
  title = {Internet of Things Based Smart Vending Machine using Digital Payment System},
  journal = {Indonesian Journal of Electrical Engineering and Informatics ({IJEEI})}
}
@article{Mondal2021,
  doi = {10.3233/ais-210615},
  url = {https://doi.org/10.3233/ais-210615},
  year = {2021},
  month = nov,
  publisher = {{IOS} Press},
  volume = {13},
  number = {6},
  pages = {473--494},
  author = {Md Ashifuddin Mondal and Zeenat Rehena and Marijn Janssen},
  title = {Smart parking management system with dynamic pricing},
  journal = {Journal of Ambient Intelligence and Smart Environments}
}
@article{Rico2022,
  doi = {10.1109/jiot.2022.3165349},
  url = {https://doi.org/10.1109/jiot.2022.3165349},
  year = {2022},
  publisher = {Institute of Electrical and Electronics Engineers ({IEEE})},
  pages = {1--1},
  author = {Andres Rico and Carson Smuts and Kent Larson},
  title = {Chameleon: Adaptive Sensor Intelligence for Smart Buildings},
  journal = {{IEEE} Internet of Things Journal}
}
@article{Sowah2020,
  doi = {10.1155/2020/8868602},
  url = {https://doi.org/10.1155/2020/8868602},
  year = {2020},
  month = oct,
  publisher = {Hindawi Limited},
  volume = {2020},
  pages = {1--22},
  author = {Robert A. Sowah and Dale E. Boahene and Dalton C. Owoh and Rexford Addo and Godfrey A. Mills and Wiafe Owusu-Banahene and Gifty Buah and Baffour Sarkodie-Mensah},
  editor = {Rafael Morales},
  title = {Design of a Secure Wireless Home Automation System with an Open Home Automation Bus ({OpenHAB} 2) Framework},
  journal = {Journal of Sensors}
}
@misc{HassioContributors2013-2022,
 title = {Contributors to Home Assistant core project between dates Sep 15, 2013 – May 11, 2022},
 author = {GitHub, Inc.},
 url = {https://github.com/home-assistant/core/graphs/contributors?from=2013-09-15&to=2022-05-11&type=c},
 urldate = {2022-05-11}
}
@article{Pohling2019,
  doi = {10.3233/ais-190533},
  url = {https://doi.org/10.3233/ais-190533},
  year = {2019},
  month = sep,
  publisher = {{IOS} Press},
  volume = {11},
  number = {5},
  pages = {373--401},
  author = {Marian Pohling and Christian Leichsenring and Thomas Hermann},
  title = {Base Cube One: A location-addressable service-oriented smart environment framework},
  journal = {Journal of Ambient Intelligence and Smart Environments}
}
@misc{EclipseSmartHomeProject,
 title = {Eclipse SmartHome project.},
 url = {https://projects.eclipse.org/projects/iot.smarthome},
 urldate = {2022-06-01}
}
@article{Kim2015,
  doi = {10.1109/icwise.2015.7380346},
  url = {https://doi.org/10.1109/icwise.2015.7380346},
  year = {2015},
  month = aug,
  publisher = {{IEEE}},
  author = {Seong-Min Kim and Hoan-Suk Choi and Woo-Seop Rhee},
  title = {{IoT} home gateway for auto-configuration and management of {MQTT} devices},
  booktitle = {2015 {IEEE} Conference on Wireless Sensors ({ICWiSe})}
}
@misc{GitHubStateOfTheOctoverse,
 title = {GitHub “State of the Octoverse” community report for 2020},
 url = {https://octoverse.github.com/static/github-octoverse-2020-community-report.pdf},
 urldate = {2022-06-01}
}
@misc{RestApiDocumentation,
 title = {REST API documentation.},
 author = {Home Assistant Developers Docs},
 url = {https://developers.home-assistant.io/docs/api/rest/},
 urldate = {2022-06-01}
}
@misc{YamlSpecification122,
 title = {YAML specification 1.2.2 (2021-10-01)},
 url = {https://yaml.org/spec/1.2.2/},
 urldate = {2022-06-01}
}
@article{Asadullah2016,
  doi = {10.1109/icrai.2016.7791223},
  url = {https://doi.org/10.1109/icrai.2016.7791223},
  year = {2016},
  month = nov,
  publisher = {{IEEE}},
  author = {Muhammad Asadullah and Ahsan Raza},
  title = {An overview of home automation systems},
  booktitle = {2016 2nd International Conference on Robotics and Artificial Intelligence ({ICRAI})}
}
@article{Danbatta2019,
  doi = {10.1109/isdfs.2019.8757472},
  url = {https://doi.org/10.1109/isdfs.2019.8757472},
  year = {2019},
  month = jun,
  publisher = {{IEEE}},
  author = {Salim Jibrin Danbatta and Asaf Varol},
  title = {Comparison of Zigbee,  Z-Wave,  Wi-Fi,  and Bluetooth Wireless Technologies Used in Home Automation},
  booktitle = {2019 7th International Symposium on Digital Forensics and Security ({ISDFS})}
}
@BOOK{Chapelle2010-mm,
  title     = "{Semi-Supervised} Learning",
  editor    = "Chapelle, Olivier and Scholkopf, Bernhard and Zien, Alexander",
  publisher = "MIT Press",
  series    = "Adaptive Computation and Machine Learning series",
  month     =  jan,
  year      =  2010,
  address   = "London, England",
  language  = "en"
}
@BOOK{Sutton1998-ta,
  title     = "Reinforcement Learning An Introduction",
  author    = "Sutton, Richard S and Barto, Andrew G",
  publisher = "Bradford Books",
  series    = "Adaptive Computation and Machine Learning series",
  month     =  feb,
  year      =  1998,
  address   = "Cambridge, MA",
  language  = "en"
}
@article{Frikha2021,
  doi = {10.1016/j.comcom.2021.07.014},
  url = {https://doi.org/10.1016/j.comcom.2021.07.014},
  year = {2021},
  month = oct,
  publisher = {Elsevier {BV}},
  volume = {178},
  pages = {98--113},
  author = {Mohamed Said Frikha and Sonia Mettali Gammar and Abdelkader Lahmadi and Laurent Andrey},
  title = {Reinforcement and deep reinforcement learning for wireless Internet of Things: A survey},
  journal = {Computer Communications}
}
@article{AZUATALAM2020100020,
title = {Reinforcement learning for whole-building HVAC control and demand response},
journal = {Energy and AI},
volume = {2},
pages = {100020},
year = {2020},
issn = {2666-5468},
doi = {https://doi.org/10.1016/j.egyai.2020.100020},
url = {https://www.sciencedirect.com/science/article/pii/S2666546820300203},
author = {Donald Azuatalam and Wee-Lih Lee and Frits {de Nijs} and Ariel Liebman},
keywords = {Demand response, Reinforcement learning, Whole-building HVAC control, Distributed energy resources, Optimal HVAC energy scheduling},
}
@article{Deng2021,
  doi = {10.1016/j.enbuild.2021.110860},
  url = {https://doi.org/10.1016/j.enbuild.2021.110860},
  year = {2021},
  month = may,
  publisher = {Elsevier {BV}},
  volume = {238},
  pages = {110860},
  author = {Zhipeng Deng and Qingyan Chen},
  title = {Reinforcement learning of occupant behavior model for cross-building transfer learning to various {HVAC} control systems},
  journal = {Energy and Buildings}
}

@article{Brandi2020,
  doi = {10.1016/j.enbuild.2020.110225},
  url = {https://doi.org/10.1016/j.enbuild.2020.110225},
  year = {2020},
  month = oct,
  publisher = {Elsevier {BV}},
  volume = {224},
  pages = {110225},
  author = {Silvio Brandi and Marco Savino Piscitelli and Marco Martellacci and Alfonso Capozzoli},
  title = {Deep reinforcement learning to optimise indoor temperature control and heating energy consumption in buildings},
  journal = {Energy and Buildings}
}
@article{Yu2020,
  doi = {10.1109/jiot.2019.2957289},
  url = {https://doi.org/10.1109/jiot.2019.2957289},
  year = {2020},
  month = apr,
  publisher = {Institute of Electrical and Electronics Engineers ({IEEE})},
  volume = {7},
  number = {4},
  pages = {2751--2762},
  author = {Liang Yu and Weiwei Xie and Di Xie and Yulong Zou and Dengyin Zhang and Zhixin Sun and Linghua Zhang and Yue Zhang and Tao Jiang},
  title = {Deep Reinforcement Learning for Smart Home Energy Management},
  journal = {{IEEE} Internet of Things Journal}
}
@inproceedings{McKee2020,
  doi = {10.1109/pesgm41954.2020.9281893},
  url = {https://doi.org/10.1109/pesgm41954.2020.9281893},
  year = {2020},
  month = aug,
  publisher = {{IEEE}},
  author = {Evan McKee and Yan Du and Fangxing Li and Jeffrey Munk and Travis Johnston and Kuldeep Kurte and Olivera Kotevska and Kadir Amasyali and Helia Zandi},
  title = {Deep Reinforcement Learning for Residential {HVAC} Control with Consideration of Human Occupancy},
  booktitle = {2020 {IEEE} Power {\&}amp$\mathsemicolon$ Energy Society General Meeting ({PESGM})}
}
@inproceedings{Qin2021,
  doi = {10.1109/cac53003.2021.9727481},
  url = {https://doi.org/10.1109/cac53003.2021.9727481},
  year = {2021},
  month = oct,
  publisher = {{IEEE}},
  author = {Shuqi Qin and Liang Yu and Dong Yue and Chao Shen},
  title = {Optimal {HVAC} Control in Shared Office Spaces Based on Deep Reinforcement Learning},
  booktitle = {2021 China Automation Congress ({CAC})}
}